@article{dalkilic2011simple,
  title={A simple shuffle-based stable in-place merge algorithm},
  author={Dalkilic, Mehmet Emin and Acar, Elif and Tokatli, Gorkem},
  journal={Procedia Computer Science},
  volume={3},
  pages={1049--1054},
  year={2011},
  publisher={Elsevier}
}

@article{mannila1984simple,
  title={A simple linear-time algorithm for in situ merging},
  author={Mannila, Heikki and Ukkonen, Esko},
  journal={Information Processing Letters},
  volume={18},
  number={4},
  pages={203--208},
  year={1984},
  publisher={Elsevier}
}

@article{geffert2000asymptotically,
  title={Asymptotically efficient in-place merging},
  author={Geffert, Viliam and Katajainen, Jyrki and Pasanen, Tomi},
  journal={Theoretical Computer Science},
  volume={237},
  number={1-2},
  pages={159--181},
  year={2000},
  publisher={Elsevier}
}

@article{dalkilic2011simple,
  title={A simple shuffle-based stable in-place merge algorithm},
  author={Dalkilic, Mehmet Emin and Acar, Elif and Tokatli, Gorkem},
  journal={Procedia Computer Science},
  volume={3},
  pages={1049--1054},
  year={2011},
  publisher={Elsevier}
}

@inproceedings{edelkamp2019worst,
  title={Worst-case efficient sorting with QuickMergesort},
  author={Edelkamp, Stefan and Wei{\ss}, Armin},
  booktitle={2019 Proceedings of the Twenty-First Workshop on Algorithm Engineering and Experiments (ALENEX)},
  pages={1--14},
  year={2019},
  organization={SIAM}
}

@article{wegener1993bottom,
  title={BOTTOM-UP-HEAPSORT, a new variant of HEAPSORT beating, on an average, QUICKSORT (if n is not very small)},
  author={Wegener, Ingo},
  journal={Theoretical Computer Science},
  volume={118},
  number={1},
  pages={81--98},
  year={1993},
  publisher={Elsevier}
}

@article{huang1988practical,
  title={Practical in-place merging},
  author={Huang, Bing-Chao and Langston, Michael A},
  journal={Communications of the ACM},
  volume={31},
  number={3},
  pages={348--352},
  year={1988},
  publisher={ACM}
}

@inproceedings{McIlroy,
 author = {McIlroy, Peter},
 title = {Optimistic Sorting and Information Theoretic Complexity},
 booktitle = {SODA},
 year = {1993},
 isbn = {0-89871-313-7},
 location = {Austin, Texas, USA},
 pages = {467--474},
 numpages = {8},
} 


@inproceedings{KushagraLQM14,
  author    = {Shrinu Kushagra and
               Alejandro L{\'{o}}pez{-}Ortiz and
               Aurick Qiao and
               J. Ian Munro},
  title     = {Multi-Pivot Quicksort: Theory and Experiments},
  booktitle = {{ALENEX}},
  pages     = {47--60},
  year      = {2014},
}

@article{dqsanalysis3,
  author    = {Martin Aum{\"{u}}ller and
               Martin Dietzfelbinger and
               Pascal Klaue},
  title     = {How Good is Multi-Pivot Quicksort?},
  journal   = {CoRR},
  volume    = {abs/1510.04676},
  year      = {2015},
}

@article{dqsanalysis2,
  author    = {Sebastian Wild and
               Markus E. Nebel and
               Ralph Neininger},
  title     = {Average Case and Distributional Analysis of Dual-Pivot Quicksort},
  journal   = {{ACM} Transactions on Algorithms},
  volume    = {11},
  number    = {3},
  pages     = {22:1--22:42},
  year      = {2015},
}

@article{BentleyM93,
  author    = {Jon Louis Bentley and
               M. Douglas McIlroy},
  title     = {Engineering a Sort Function},
  journal   = {Softw., Pract. Exper.},
  volume    = {23},
  number    = {11},
  pages     = {1249--1265},
  year      = {1993},
  url       = {https://doi.org/10.1002/spe.4380231105},
  doi       = {10.1002/spe.4380231105},
  timestamp = {Sun, 28 May 2017 13:24:01 +0200},
  biburl    = {https://dblp.org/rec/bib/journals/spe/BentleyM93},
  bibsource = {dblp computer science bibliography, https://dblp.org}
}

@inproceedings{dqsanalysis1,
  author    = {Martin Aum{\"{u}}ller and
               Martin Dietzfelbinger},
  title     = {Optimal Partitioning for Dual Pivot Quicksort - (Extended Abstract)},
  booktitle = {{ICALP}},
  pages     = {33--44},
  year      = {2013},
}


@inproceedings{Kaligosi,
  author    = {Kanela Kaligosi and
               Peter Sanders},
  title     = {How Branch Mispredictions Affect Quicksort},
  booktitle = {ESA},
  year      = {2006},
  pages     = {780-791}, 
}



@article{FloydR75a,
  author    = {Robert W. Floyd and
               Ronald L. Rivest},
  title     = {The Algorithm {SELECT} - for Finding the ith Smallest of n Elements
               {[M1]} (Algorithm 489)},
  journal   = {Commun. {ACM}},
  volume    = {18},
  number    = {3},
  pages     = {173},
  year      = {1975},
  url       = {http://doi.acm.org/10.1145/360680.360694},
  doi       = {10.1145/360680.360694},
  timestamp = {Tue, 07 Jun 2011 16:50:59 +0200},
  biburl    = {http://dblp.uni-trier.de/rec/bib/journals/cacm/FloydR75a},
  bibsource = {dblp computer science bibliography, http://dblp.org}
}

@article{FloydR75,
  author    = {Robert W. Floyd and
               Ronald L. Rivest},
  title     = {Expected Time Bounds for Selection},
  journal   = {Commun. {ACM}},
  volume    = {18},
  number    = {3},
  pages     = {165--172},
  year      = {1975},
  url       = {http://doi.acm.org/10.1145/360680.360691},
  doi       = {10.1145/360680.360691},
  timestamp = {Tue, 07 Jun 2011 16:50:59 +0200},
  biburl    = {http://dblp.uni-trier.de/rec/bib/journals/cacm/FloydR75},
  bibsource = {dblp computer science bibliography, http://dblp.org}
}

@article{median,
author = {A. Sch{\"o}nhage and M. Paterson and N. Pippenger},
title =  {Finding the median},
journal = {J. Comp. System Sci.},
volume = 13,
pages = {184--199},
year =  1976,
}

@techreport{paterson,
author = {M. Paterson},
title = {Progress in Selection}, 
year =1997,
institution = {University of Warwick}
}


@article{gapped,
  author    = {Michael A. Bender and
               Martin Farach-Colton and
               Miguel A. Mosteiro},
  title     = {Insertion Sort is $O(n \log n)$},
  journal   = {Theory Comput. Syst.},
  volume    = {39},
  number    = {3},
  year      = {2006},
  pages     = {391-397}, 
}

@article{GM86,
   author =  {Gaston H. Gonnet and J. Ian Munro},
   title =   {Heaps on heaps},
   journal = {SIAM Journal on Computing},
   year =    1986,
   volume =  15,
   number = 4,
   pages =   {964--971}
}

@inproceedings{BEKR10,
  author =	 {Asger Bruun and Stefan Edelkamp and Jyrki Katajainen and Jens Rasmussen},
  title =	 {Policy-based benchmarking of weak heaps and their relatives},
  booktitle = {Proceedings of the 9th International Symposium on Experimental Algorithms},
  pages = 	 {424--435},
  year = 	 {2010},
  volume = 	 {6049},
  series = 	 {Lecture Notes in Computer Science},
  publisher = {Springer-Verlag},
}

@inproceedings{MFCS,
  author =	 {Jingsen Chen and Stefan Edelkamp and Amr Elmasry and Jyrki Katajainen},
  title =	 {Policy-based benchmarking of weak heaps and their relatives},
  booktitle = {Proceedings of the 37th International Symposium on
Mathematical Foundations of Computer Science},
  pages = 	 {259--270},
  year = 	 {2012},
  volume = 	 {7464},
  series = 	 {Lecture Notes in Computer Science},
  publisher = {Springer-Verlag},
}

@Article{Dut93,
        author =       "Ronald D. Dutton",
        title =        "Weak-heap sort",
        journal =      "BIT",
        pages =        "372--381",
        volume =       "33",
        number = 3,
        year =         "1993",
}

@InProceedings{EEK11,
  author = {Stefan Edelkamp and Amr Elmasry and Jyrki Katajainen},
  title = {Two constant-factor-optimal realizations of adaptive heapsort},
  booktitle = {Proceedings of the 22nd International Workshop on Combinatorial 
               Algorithms},
  series = {Lecture Notes in Computer Science},
  publisher = {Springer-Verlag},
  volume = 7056,
  year      = {2011},
  pages     = {195--208}, 
}

@inproceedings{Reinhardt92,
  author    = {Klaus Reinhardt},
  title     = {Sorting {\it In-Place} with a {\it Worst Case} Complexity
               of $n \log n- 1.3 n + O(\log n)$
               Comparisons and $\epsilon n \log n + O(1)$
               Transports},
  booktitle = {ISAAC},
  year      = {1992},
  pages     = {489-498},
}



@InProceedings{family,
  author = {Stefan Edelkamp and Amr Elmasry and Jyrki Katajainen},
  title = {The weak-heap family of priority queues in theory and praxis},
  booktitle = {Proceedings of the 18th Computing: The Australasian Theory Symposium},
  series = {Conferences in Research and Practice in Information Technology},
  volume = {128},
  publisher = {Australian Computer Society, Inc.},
  year = 2012,
  pages = {103--112},
}

@InProceedings{EW00, 
  author =       "Stefan Edelkamp and Ingo Wegener",
  title =        "On the Performance of {W}EAK-{H}EAPSORT",
  booktitle =  {STACS},
  pages =        "254--266",
  year =         2000,
}

@article{Flo64,
  author = {Robert W. Floyd},
  title = {Algorithm 245: {T}reesort 3},
  journal = {Comm. of the ACM},
   volume = 7,
   number = 12,
  pages = {701},
  year = 1964, 
}

@article{Vui78,
   author =  {Jean Vuillemin},
   title =   {A data structure for manipulating priority queues},
   journal = {Comm. of the ACM},
   year =    1978,
   volume =  21,
   number = 4,
   pages =   {309--315}
}

@article{Wil64,
   author =  {J. W. J. Williams},
   title =   {Algorithm 232: {H}EAPSORT},
   journal = {Communications of the ACM},
   year =    1964,
   volume =  7,
   number = 6,
   pages =   {347--348}
}

@Article{Weg93,
  author = 	 {Ingo Wegener},
  title = 	 {{B}OTTOM-UP-{H}EAPSORT, a new variant of {H}EAPSORT beating,
                  on an average, {Q}UICKSORT (if $n$ is not very small)},
  journal = {Theoretical Computer Science},
  year = 	 {1993},
  volume = 	 {118},
  number = 1,
  pages = 	 {81--98},
}

#### not checked after this point ####

@inproceedings{ElmasryKS12,
  author    = {Amr Elmasry and
               Jyrki Katajainen and
               Max Stenmark},
  title     = {Branch Mispredictions Don't Affect Mergesort},
  booktitle = {SEA},
  year      = {2012},
  pages     = {160-171},
  ee        = {http://dx.doi.org/10.1007/978-3-642-30850-5_15},
  bibsource = {DBLP, http://dblp.uni-trier.de}
}


@article{BKS00,
  author = {Jesper Bojesen and Jyrki Katajainen and Maz Spork},
  title = {Performance engineering case study: {H}eap construction},
  journal = {ACM Journal of Experimental Algorithmics},
  year = {2000},
  volume = {5},
  pages = {Article 15},
}


@article{Bojesen,
  author    = {Jesper Bojesen and
               Jyrki Katajainen and
               Maz Spork},
  title     = {Performance Engineering Case Study: Heap Construction},
  journal   = {ACM Journal of Experimental Algorithmics},
  volume    = {5},
  year      = {2000},
  pages     = {15}, 
}

@TechReport{AHR98,
  author =       {Stephen Alstrup and Thore Husfeldt and Theis Rauhe},
  title =        {Marked ancestor problems},
  institution =  {Department of Computer Science, University of Copenhagen},
  year =         1998,
  type =         {Technical Report},
  number =       {98-8},
  note =         {The data-structural transformation referred to is not described in the conference version presented at FOCS'98.}
}
                  
@Book{ALSU07,
  author = 	 {Alfred V. Aho and Monica S. Lam and Ravi Sethi and Jeffrey D. Ullman},
  title = 	 {Compilers: Principles, Techniques, \& Tools},
  publisher = 	 {Pearson Education, Inc.},
  year = 	 2007,
  edition = 	 {2nd},
}
                  
@Article{AP99,
  author =       {A. Arvind and C. Pandu Rangan},
  title =        {Symmetric min-max heap: {A} simpler data structure for double-ended priority queue},
  journal =      {Information Processing Letters},
  year =         1999,
  volume =       69,
  number =       4,
  pages =        {197--199}
}

@Article{ASSS86,
  author =       {Mike D. Atkinson and J{\"o}rg-R{\"u}diger Sack and Nicola Santoro and Thomas Strothotte},
  title =        {Min-max heaps and generalized priority queues},
  journal =      {Communications of the ACM},
  year =         1986,
  volume =       29,
  number =       10,
  pages =        {996--1000}
}


@article{BO96,
    author = "Gerth St�lting Brodal and Chris Okasaki",
    title = "Optimal Purely Functional Priority Queues",
    journal = "Journal of Functional Programming",
    volume = "6",
    number = "6",
    pages = "839--857",
    year = "1996",
}

@Article{Ben95,
  author = 	 {Amir M. Ben-Amram},
  title = 	 {What is a ``pointer machine''?},
  journal = 	 {ACM SIGACT News},
  year = 	 1995,
  volume = 	 26,
  number = 	 2,
  pages = 	 {88-95}
}

@Article{Bro78,
  author =       {Mark R. Brown},
  title =        {Implementation and analysis of binomial queue algorithms},
  journal =      {SIAM Journal on Computing},
  year =         1978,
  volume =       7,
  number = 3,
  pages =        {298--319}
}

@InProceedings{Bro95,
  author =       {Gerth St{\o}lting Brodal},
  title =        {Fast meldable priority queues},
  booktitle =    {Proceedings of the 4th International Workshop on Algorithms and Data
Structures},
  pages =        {282--290},
  year =         1995,
  volume =       955,
  series =       {Lecture Notes in Computer Science},
  publisher =    {Springer}
}

@InProceedings{Bro96,
  author =       {Gerth St{\o}lting Brodal},
  title =        {Worst-case efficient priority queues},
  booktitle =    {Proceedings of the 7th ACM-SIAM Symposium on Discrete
 Algorithms},
  pages =        {52--58},
  year =         1996,
  publisher =    {ACM/SIAM}
}

@Article{CCS89,
  author =       {Svante Carlsson and Jingsen Chen and Thomas Strothotte},
  title =        {A note on the construction of data structure ``deap''},
  journal =      {Information Processing Letters},
  year =         1989,
  volume =       31,
  number =       6,
  pages =        {315--317}
}

@Article{CD93,
  author =       {S. C. Chang and M. W. Du},
  title =        {Diamond deque: {A} simple data structure for priority deques},
  journal =      {Information Processing Letters},
  year =         1993,
  volume =       46,
  number =       5,
  pages =        {231--237}
}

@TechReport{CK77,
  author =       {M. Clancy and Donald Knuth},
  title =        {A programming and problem-solving seminar},
  institution =  {Department of Computer Science, Stanford University},
  year =         1977,
  type =         {Technical Report},
  number =       {STAN-CS-77-606},
  note =         {}
}



@InProceedings{CMP88,
  author =       {Svante Carlsson and J. Ian Munro and Patricio V. Poblete},
  title =        {An implicit binomial queue with constant insertion time},
  booktitle =    {Proceedings of the 1st Scandinavian Workshop on Algorithm
Theory},
  pages =        {1--13},
  year =         1988,
  volume =       318,
  series =       {Lecture Notes in Computer Science},
  publisher =    {Springer}
}

@Article{CS00,
  author =       {Kyun-Rak Chong and Sartaj Sahni},
  title =        {Correspondence-based data structures for double-ended priority queues},
  journal =      {The ACM Journal of Experimental Algorithmics},
  year =         2000,
  volume =       5,
  pages =        {article 2}
}

@Article{CS99,
  author =       {Seonghun Cho and Sartaj Sahni},
  title =        {Mergeable double-ended priority queues},
  journal =      {International Journal of Foundations of Computer Science},
  year =         1999,
  volume =       10,
  number =       1,
  pages =        {1--18}
}


@Article{Car87,
  author =       {Svante Carlsson},
  title =        {The deap---A double-ended heap to implement double-ended priority queues},
  journal =      {Information Processing Letters},
  year =         1987,
  volume =       26,
  number =       1,
  pages =        {33--36}
}


@Article{DGST88,
  author =       {James R. Driscoll and Harold N. Gabow and Ruth Shrairman and Robert E. Tarjan},
  title =        {Relaxed heaps: {A}n alternative to {F}ibonacci heaps with applications
to parallel computation},
  journal =      {Communications of the ACM},
  year =         1988,
  volume =       31,
  number =       11,
  pages =        {1343--1354}
}

@Article{DW93,
  author =       {Yuzheng Ding and Mark Allen Weiss},
  title =        {The relaxed min-max heap: {A} mergeable double-ended priority queue},
  journal =      {Acta Informatica},
  year =         1993,
  volume =       30,
  number =       3,
  pages =        {215--231}
}

@TechReport{EJK05,
  author =       {Amr Elmasry and Claus Jensen and Jyrki Katajainen},
  title =        {Relaxed weak queues: {A}n alternative to run-relaxed heaps},
  institution =  {Department of Computer Science, University of Copenhagen},
  year =         2005,
  type =         {CPH STL Report},
  number =       {2005-2}, 
}


@TechReport{EJK10c,
  author =       {Amr Elmasry and Claus Jensen and Jyrki Katajainen},
  title =        {Relaxed weak queues and their implementation on a pointer machine},
  institution =  {Department of Computer Science, University of Copenhagen},
  year =         2010,
  type =         {CPH STL Report},
  number =       {2010-4},
  notexxx =         {Available at \url{http://cphstl.dk}}
}


@misc{EJK09,
  author =       {Amr Elmasry and Claus Jensen and Jyrki Katajainen},
  title =        {Relaxed weak queues and their implementation on a pointer machine},
  howpublished = {Submitted for publication},
  year =         2009,
}

@Article{EJK08a,
  key = 	 {Amr Elmasry and Claus Jensen and Jyrki KatajainenY},
  author = 	 {Amr Elmasry and Claus Jensen and Jyrki Katajainen},
  title = 	 {Two-tier relaxed heaps},
  journal = 	 {Acta Informatica},
  year = 	{2008},
  volume = {45},
  number = {3},
  pages = {193--210},
}

@Article{EJK08b,
  author = 	 {Amr Elmasry and Claus Jensen and Jyrki Katajainen},
  title = 	 {Multipartite priority queues},
  journal = 	 {ACM Transactions on Algorithms},
  year = 	{2008},
  volume = 5,
  number = 1,
  pages = {Article 14},
}

@inproceedings{EJK10b,
  author =	 {Amr Elmasry and Claus Jensen and Jyrki Katajainen},
  title =	 {Strictly-regular number system and data structures},
  booktitle = {Proceedings of the 12th Scandinavian Symposium and Workshops on Algorithm Theory},                
  pages = 	 {26--37},
  year = 	 {2010},
  volume = 	 {6139},
  series = 	 {Lecture Notes in Computer Science},
  publisher = {Springer},
  doi = {10.1007/978-3-642-13731-0_4},
}


@Article{Elm10,
  author =       {Amr Elmasry},
  title =        {The violation heap: A relaxed {F}ibonacci-like heap},
  journal =      {Discrete Mathematics, Algorithms and Applications},  
  year =         2010,
  volume =       2,
  number =       4,
  pages =        {1--11}
}



@Article{Elm06,
  author =       {Amr Elmasry},
  title =        {A priority queue with the working-set property},
  journal =      {International Journal of Foundations of Computer Science},
  year =         2006,
  volume =       17,
  number =       6,
  pages =        {1455--1465}
}


@Article{FT87,
  author =       {Michael L. Fredman and Robert E. Tarjan},
  title =        {Fibonacci heaps and their uses in improved network optimization algorithms},
  journal =      {Journal of the ACM},
  year =         1987,
  volume =       34,
  number = 3,
  pages =        {596--615}
}



@TechReport{Fag96,
  author =       {Rolf Fagerberg},
  title =        {A note on worst case efficient meldable priority queues},
  institution =  {Department of Mathematics and Computer Science, Odense University},
  year =         1996,
  type =         {Technical Report},
  number =       {PP-1996-12}
}

@InProceedings{GMPR77,
  author = 	 {Leo J. Guibas and Edward M. McCreight and Michael F. Plass and Janet R. Roberts},
  title = 	 {A new representation for linear lists},
  booktitle = {Proceedings of the 9th Annual ACM Symposium on Theory of Computing},
  pages = 	 {49--60},
  year = 	 1977,
  publisher = {ACM}
}

@Book{GT02,
  author =       {Michael T. Goodrich and Roberto Tamassia},
  title =        {Algorithm Design: Foundations, Analysis, and Internet Examples},
  publisher =    {John Wiley \& Sons, Inc.},
  addressxxx =      {Hoboken},
  year =         2002
}


@InProceedings{HST09,
author =       {B. Haeupler and S. Sen and R.E. Tarjan},
title = 	{Rank-pairing heaps},
booktitle = {Proceedings of the 17th European Symposium on Algorithms}, 
pages = {659--670},
year = 2009,
volume = 5757,
series =       {Lecture Notes in Computer Science},
publisher =    {Springer}
}

@Book{HSR98,
  author =       {E. Horowitz and S. Sahni and S. Rajasekaran},
  title =        {Computer Algorithms},
  publisher =    {Computer Science Press},
  addressxxx =      {New York},
  year =         1998
}

@InProceedings{Hag98,
  author =       {Torben Hagerup},
  title =        {Sorting and searching on the word {RAM}},
  booktitle =    {Proceedings of the 15th Annual Symposium on Theoretical Aspects of Computer Science},
  pages =        {366--398},
  year =         1998,
  volume =       1373,
  series =       {Lecture Notes in Computer Science},
  publisher =    {Springer}
}

@InProceedings{Hoy95,
  author =       {Peter H{\o}yer},
  title =        {A general technique for implemention of efficient priority queues},
  booktitle =    {Proceedings of the 3rd Israel Symposium on the Theory of Computing
Systems},
  pages =        {57--66},
  year =         1995,
  publisher =    {IEEE}
}

@Book{ISO03,
  key =          {British Standards Institute},
  organization = {British Standards Institute},
  title =        {The C++ Standard: Incorporating Technical Corrigendum 1},
  publisher =    {John Wiley and Sons, Ltd.},
  addressxxx =      {West Sussex},
  year =         2003,
  edition =      {2nd}
}

@TechReport{Jen09,
  author =       {Claus Jensen},
  title =        {A note on meldable heaps relying on data-structural bootstrapping},
  institution =  {Department of Computer Science, University of Copenhagen},
  year =         2009,
  type =         {CPH STL Report},
  number =       {2009-2},
  note =         {Available at \url{http://cphstl.dk}}
}

@InProceedings{KL93,
  author =       {C. M. Khoong and H. W. Leong},
  title =        {Double-ended binomial queues},
  booktitle =    {Proceedings of the 4th International Symposium on Algorithms and
Computation},
  pages =        {128--137},
  year =         1993,
  volume =       762,
  series =       {Lecture Notes in Computer Science},
  publisher =    {Springer}
}

@InProceedings{KST02,
  author =       {Haim Kaplan and Nira Shafrir and Robert E. Tarjan},
  title =        {Meldable heaps and {B}oolean union-find},
  booktitle =    {Proceedings of the 34th Annual ACM Symposium on
Theory of Computing},
  pages =        {573--582},
  year =         2002,
  publisher =    {ACM}
}

@Article{KT08,
  author = 	 {Haim Kaplan and Robert Endre Tarjan},
  title = 	 {Thin heaps, thick heaps},
  journal = 	 {ACM Transactions on Algorithms},
  year = 	 2008,
  volume = 	 4,
  number = 	 1,
  pages = 	 {Article 3}}

@InProceedings{KT95,
  author =       {Haim Kaplan and Robert E. Tarjan},
  title =        {Persistent lists with catenation via recursive slow-down},
  booktitle =    {Proceedings of the 27th Annual ACM Symposium on
Theory of Computing},
  pages =        {93--102},
  year =         1995,
  publisher =    {ACM}
}

@InProceedings{KT96,
  author =       {Haim Kaplan and Robert E. Tarjan},
  title =        {Purely functional representations of catenable sorted lists},
  booktitle =    {Proceedings of the 28th Annual ACM Symposium on
Theory of Computing},
  pages =        {202--211},
  year =         1996,
  publisher =    {ACM}
}

@TechReport{KT99,
 author =       {Haim Kaplan and Robert E. Tarjan},
 title =        {New heap data structures},
 type =         {Technical Report},
 number = {TR-597-99},
 institution =  {Department of Computer Science, Princeton University},
 year =         1999,
}

@Article{KV03,
  author =       {Jyrki Katajainen and Fabio Vitale},
  title =        {Navigation piles with applications to sorting, priority queues, and priority deques},
  journal =      {Nordic Journal of Computing},
  year =         2003,
  volume =       10,
  number =       3,
  pages =        {238--262}
}


@book{Knu94,
  author =       "Knuth, Donald E.",
  title =  "The Stanford GraphBase: A Platform for Combinatorial Computing",
  publisher =    "ACM Press",
  address = {New York},
  year =         1994
}




@Article{LW93,
  author =       {J. van Leeuwen and D. Wood},
  title =        {Interval heaps},
  journal =      {The Computer Journal},
  year =         1993,
  volume =       36,
  number =       3,
  pages =        {209--216}
}

@InProceedings{MP05,
  author =       {Christian W. Mortensen and Seth Pettie},
  title =        {The complexity of implicit and space-efficient priority queues},
  booktitle =    {Proceedings of the 9th Workshop on Algorithms and Data Structures},
  pages =        {49--60},
  year =         2005,
  volume =       3608,
  series =       {Lecture Notes in Computer Science},
  publisher =    {Springer}
}

@Article{MTT03,
  author =       {Christos Makris and Athanasios Tsakalidis and Kostas Tsichlas},
  title =        {Reflected min-max heaps},
  journal =      {Information Processing Letters},
  year =         2003,
  volume =       86,
  number =       4,
  pages =        {209--214}
}

@Article{NCK00,
  author =       {Suman Kumar Nath and Rezaul Alam Chowdhury and M. Kaykobad},
  title =        {Min-max fine heaps},
  year =         2000,
  journal =      {arXiv.org},
  pages =         {article cs.DS/0007043},
  note =         {Available at \url{http://arxiv.org}}
}

@Article{OOW91,
  author =       {Stephan Olariu and C. Michael Overstreet and Zhaofang Wen},
  title =        {A mergeable double-ended priority queue},
  journal =      {The Computer Journal},
  year =         1991,
  volume =       34,
  number =       5,
  pages =        {423--427}
}

@Book{Oka98,
  author = 	 {Chris Okasaki},
  title = 	 {Purely Functional Data Structures},
  publisher = 	 {Cambridge University Press},
  year = 	 1998,
}

@Article{PK85,
  author =       {Martti Penttonen and Jyrki Katajainen},
  title =        {Notes on the complexity of sorting in abstract machines},
  journal =      {BIT},
  year =         1985,
  volume =       25,
  number =       4,
  pages =        {611--622}
}

@TechReport{Pet87,
  author =       {Gary L. Peterson},
  title =        {A balanced tree scheme for meldable heaps with updates},
  type =         {Technical Report},
  number =       {GIT-ICS-87-23},
  institution =  {School of Information and Computer Science, Georgia Institute of
Technology},
  year =         1987,
}

@Article{RCK03,
  author =       {M. Ziaur Rahman and Rezaul Alam Chowdhury and M. Kaykobad},
  title =        {Improvements in double ended priority queues},
  journal =      {International Journal of Computer Mathematics},
  year =         2003,
  volume =       80,
  number =       5,
  pages =        {1121--1129}
}

@Article{SS85, 
  author = 	 {J{\"o}rg -R. Sack and Thomas Strothotte},
  title = 	 {An algorithm for merging heaps},
  journal = 	 {Acta Informatica},
  year = 	 1985,
  volume = 	 22,
  number =       2,
  pages = 	 {171--186},
}

@Article{Tak03, 
  author = 	 {Tadao Takaoka},
  title = 	 {Theory of 2-3 heaps},
  journal = 	 {Discrete Applied Mathematics},
  year = 	 2003,
  volume = 	 126,
  number =       1,
  pages = 	 {115--128},
}

@inproceedings{LiR05,
  author    = {Zhentao Li and
               Bruce A. Reed},
  title     = {Heap Building Bounds},
  booktitle = {WADS},
  year      = {2005},
  pages     = {14-23}, 
}


@article{GM,
  author = {Gaston H. Gonnet and J. Ian Munro},
  title = {Heaps on heaps},
  journal = {SIAM Journal on Computing},
  number = 15,
  pages = {964--971},
  year = 1986
}


@article{Carlsson,
  author = {Svante Carlsson},
  title = {A variant of heapsort with almost optimal number of comparisons},
  journal = {Information Processing Letters}, 
  number = 24,
  pages = {247-250}, 
  year = 1987
  }

@article{McDiarmidReed,
  author = {Colin J. H. McDiarmid and Bruce A. Reed},
  title = {Building heaps fast},
  journal = {Journal of Algorithms},
  pages = {352--365},
  year = 1989,
}

@article{Bottomup,
  author = {Ingo Wegener}, 
  title = {{BOTTOM-UP-HEAPSORT, a new variant of HEAPSORT beating,
  on an average, QUICKSORT (if n is not very small)}},
  journal = {Theoretical Computer Science},                
  number = 118,
  pages = {81--98}, 
  year = 1993
}

@article{Carlsson:IPL,
  author   = {Svante Carlsson},
  title     = {An Optimal Algorithm for Deleting the Root of a Heap},
  journal   = {Inf. Process. Lett.},
  volume    = {37},
  number    = {2},
  year      = {1991},
  pages     = {117-120},
  }
@incollection {CarlssonChen,
   author = {Carlsson, Svante and Chen, Jingsen}, 
   title = {Heap construction: Optimal in both worst and average cases?},
   booktitle = {Algorithms and Computations},
   series = {Lecture Notes in Computer Science}, 
   pages = {254-263},
   volume = {1004}, 
   year = {1995}
}
@inproceedings{Chen93,
  author    = {Jingsen Chen},
  title     = {A Framework for Constructing Heap-Like Structures In-Place},
  booktitle = {Proceedings of the 4th International Symposium on Algorithms and Computation},
  publisher = {Springer-Verlag},
  series    = {Lecture Notes in Computer Science},
  volume    = {762},
  year      = {1993},
  pages     = {118--127}, 
}

@inproceedings{ultimate,
  author    = {Jyrki Katajainen},
  title     = {The Ultimate Heapsort},
  booktitle = {Computing: The Fourth Australasian Theory
               Symposium (CATS)},
  year      = {1998},
  pages     = {87-96}, 
}

@article{GM,
  author = {Gaston H. Gonnet and J. Ian Munro},
  title = {Heaps on heaps},
  journal = {SIAM Journal on Computing},
  number = 15,
  pages = {964--971},
  year = 1986
}

@Article{edelkampstiegeler,
  author =       {Stefan Edelkamp and Patrick Stiegeler},
  title =        "Implementing {HEAPSORT} with $n \log n - 0.9n$ and {QUICKSORT} with $n \log n + 0.2 n$ Comparisons",
  journal =      {ACM Journal of Experimental Algorithmics},
  volume = 	 {10},
  number =       {5},
  year =     {2002},
}  

@article{Bottomup,
  author = {Ingo Wegener}, 
  title = {{BOTTOM-UP-HEAPSORT, a new variant of HEAPSORT beating,
  on an average, QUICKSORT (if n is not very small)}},
  journal = {Theoretical Computer Science},
  number = 118,
  pages = {81-98}, 
  year = 1993
}

@incollection {CarlssonChen,
   author = {Carlsson, Svante and Chen, Jingsen}, 
   title = {Heap construction: Optimal in both worst and average cases?},
   booktitle = {Algorithms and Computations},
   series = {Lecture Notes in Computer Science}, 
   pages = {254-263},
   volume = {1004}, 
   year = {1995}
}

@InProceedings{BFM05,
  author = {Gerth St{\o}lting Brodal and Rolf Fagerberg and Gabriel Moruz},
  title = 	 {Cache-aware and cache-oblivious adaptive sorting},
  booktitle = {Proceedings of the 32nd International Colloquium on Automata, Languages and Programming},
  pages = 	 {576--588},
  year = 	 2005,
  volume = 	 3580,
  series = 	 {Lecture Notes in Computer Science},
  publisher = {Springer},
}

@article{BFM08,
 author = {Brodal, Gerth St{\o}lting and Fagerberg, Rolf and Moruz, Gabriel},
 title = {On the adaptiveness of {Q}uicksort},
 journal = {Journal of Experimental Algorithmics},
 volume = {12},
 year = {2008},
 pages = {Article 3.2},
} 

@article{CK80,
 author = {Cook, Curtis R. and Kim, Do Jin},
 title = {Best sorting algorithm for nearly sorted lists},
 journal = {Communications of the ACM},
 volume = {23},
 number = {11},
 year = {1980},
 pages = {620--624},
} 

@Article{CLP93,
        author = {Svante Carlsson and Christos Levcopoulos and Ola Petersson},
        title =        "Sublinear merging and natural mergesort",
        journal =      "Algorithmica",
        pages =        "629--648",
        volume =       "9",
	  number = 	     "6",
        year =         "1993",
} 

@Article{EF08,
  author = 	 {Amr Elmasry and Michael L. Fredman},
  title = 	 {Adaptive sorting: {A}n information theoretic perspective},
  journal = 	 {Acta Informatica},
  year = 	 2008,
  volume = 	 45,
  number = 	 1,
  pages = 	 {33--42}
}

@article{EH08,
 author = {Elmasry, Amr and Hammad, Abdelrahman},
 title = {Inversion-sensitive sorting algorithms in practice},
 journal = {ACM Journal of Experimental Algorithmics},
 volume = {13},
 year = {2009},
 pages = {Article 1.11},
}


@inproceedings{Wegener:MDR,
  author    = {Ingo Wegener},
  title     = {The Worst Case Complexity of {McDiarmid and Reed's} Variant
               of Bottom-Up-Heap Sort is Less Than $n \log n + 1.1n$},
  booktitle =    {STACS},
   year      = {1991},
  pages     = {137-147},  
}


@InProceedings{Elm02,
  author = 	 {Amr Elmasry},
  title = 	 {Priority queues, pairing and adaptive sorting},
  booktitle = {Proceedings of the 29th International Colloquium on Automata, Languages and Programming},
  pages = 	 {183--194},
  year = 	 2002,
  volume = 	 2380,
  series = 	 {Lecture Notes on Computer Science},
  publisher = {Springer}
}

@InProceedings{Elm04,
  author = 	 {Amr Elmasry},
  title = 	 {Adaptive sorting with {AVL} trees},
  booktitle = {Exploring New Fronties of Theoretical Informatics},
  pages = 	 {315--324},
  year = 	 2004,
  volume = 	 155,
  series = 	 {IFIP International Federation for Information Processing},
  publisher = {Kluwer Academic Publishers}
}



@InProceedings{GBT84,
  author = {Harold N. Gabow and Jon Louis Bentley and Robert E. Tarjan},
  title = 	 {Scaling and related techniques for geometry problems},
  booktitle = {Proceedings of the 16th Annual ACM Symposium on Theory of Computing},
  pages = 	 {135--143},
  year = 	 1984,
  publisher = {ACM}
}

@Article{Hoa62,
  author = 	 {Charles A. R. Hoare},
  title = 	 {Quicksort},
  journal = 	 {The Computer Journal},
  year = 	 1962,
  volume = 	 5,
  number = 	 1,
  pages = 	 {10--16}
}


@article{LL99,
   author =  {Anthony LaMarca and Richard E. Ladner},
   title =   {The influence of caches on the performance of sorting},
   journal = {Journal of Algorithms},
   volume =  31,
   number = 1,
   pages =   {66--104},
   year =    1999
}


@Article{LP91,
  author = 	 {Christos Levcopoulos and Ola Petersson},
  title = 	 {Splitsort: {A}n adaptive sorting algorithm},
  journal = 	 {Information Processing Letters},
  year = 	 1991,
  volume = 	 39,
  number = 	 4,
  pages = 	 {205--211}
}

@Article{LP93,
  author = 	 {Christos Levcopoulos and Ola Petersson},
  title = 	 {Adaptive heapsort},
  journal = 	 {Journal of Algorithms},
  year = 	 1993,
  volume = 	 14,
  number = 	 3,
  pages = 	 {395--413}
}

@article{LP96,
   author =  {Christos Levcopoulos and Ola Petersson},
   title =   {Exploiting few inversions when sorting: {S}equential and parallel 
              algorithms},
   journal = {Theoretical Computer Science},
   volume =  163,
   number = {1--2},
   year =    1996,
   pages =   {211--238}
}

@article{MEP96,
   author =  {Alistair Moffat and Gary Eddy and Ola Petersson},
   title =   {Splaysort: {F}ast, versatile, practical},
   journal = {Software---Practice and Experience},
   volume =  126,
   number = 7,
   pages =   {781--797},
   year =    1996
}

@article{MP92,
   author =  {Alistair Moffat and Ola Petersson},
   title =   {An overview of adaptive sorting},
   journal = {Australian Computer Journal},
   year =    1992,
   volume =  24,
   number = {2},
   pages =   {70--77}
}
                  
@Article{MPW98,
  author = 	 {Alistair Moffat and Ola Petersson and Nicholas C. Wormald},
  title = 	 {A tree-based {M}ergesort},
  journal = 	 {Acta Informatica},
  year = 	 1998,
  volume = 	 35,
  number = 	 9,
  pages = 	 {775--793}
}

@article{Man85,
   author =  {Heikki Mannila},
   title =   {Measures of presortedness and optimal sorting algorithms},
   journal = {IEEE Transactions on Computers},
   year =    1985,
   volume =  {C-34},
   number = 4,
   pages =   {318--325}
}
@InProceedings{Meh79,
  author = 	 {Kurt Mehlhorn},
  title = 	 {Sorting presorted files},
  booktitle = {Proceedings of the 4th GI Conference on Theoretical Computer Science},
  pages = 	 {199--212},
  year = 	 1979,
  volume = 	 67,
  series = 	 {Lecture Notes in Computer Science},
  publisher = {Springer}
}
@Article{Mus97,
  author = 	 {David R. Musser},
  title = 	 {Introspective Sorting and Selection Algorithms},
  journal = 	 {Software---Practice and Experience},
  year = 	 1997,
  volume =	 27,
  number =	 8,
  pages =	 {983--993}
}

@InProceedings{SS09,
  author = 	 {Riku Saikkonen and Eljas Soisalon-Soininen},
  title = 	 {Bulk-insertion sort: {T}owards composite measures of presortedness},
  booktitle = {Proceedings of the 8th International Symposium on Experimental Algorithms},
  pages = 	 {269--280},
  year = 	 2009,
  volume = 	 5526,
  series = 	 {Lecture Notes in Computer Science},
  publisher = {Springer}
} 

@article{Vui80,
 author = {Vuillemin, Jean},
 title = {A unifying look at data structures},
 journal = {Communications of the ACM},
 volume = {23},
 number = {4},
 year = {1980},
 pages = {229--239},
}

@TechReport{AHR98,
  author =       {Stephen Alstrup and Thore Husfeldt and Theis Rauhe},
  title =        {Marked ancestor problems},
  institution =  {Department of Computer Science, University of Copenhagen},
  year =         1998,
  type =         {Technical Report},
  number =       {98-8},
  note =         {The data-structural transformation referred to is not described in the conference version presented at FOCS'98.}
}
                  
@Book{ALSU07,
  author = 	 {Alfred V. Aho and Monica S. Lam and Ravi Sethi and Jeffrey D. Ullman},
  title = 	 {Compilers: Principles, Techniques, \& Tools},
  publisher = 	 {Pearson Education, Inc.},
  year = 	 2007,
  edition = 	 {2nd},
}
                  
@Article{AP99,
  author =       {A. Arvind and C. Pandu Rangan},
  title =        {Symmetric min-max heap: {A} simpler data structure for double-ended priority queue},
  journal =      {Information Processing Letters},
  year =         1999,
  volume =       69,
  number =       4,
  pages =        {197--199}
}

@Article{ASSS86,
  author =       {Mike D. Atkinson and J{\"o}rg-R{\"u}diger Sack and Nicola Santoro and Thomas Strothotte},
  title =        {Min-max heaps and generalized priority queues},
  journal =      {Communications of the ACM},
  year =         1986,
  volume =       29,
  number =       10,
  pages =        {996--1000}
}


@Article{BFPRT73,
  author =       {Manuel Blum and Robert W. Floyd and Vaughan R. Pratt and Ronald L. Rivest and Robert E. Tarjan},
  title =        {Time bounds for selection},
  journal =      {Journal of Computer and System Sciences},
  year =         1973,
  volume =       7,
  number =       4,
  pages =        {448--461}
}

@article{BO96,
    author = "Gerth Stølting Brodal and Chris Okasaki",
    title = "Optimal Purely Functional Priority Queues",
    journal = "Journal of Functional Programming",
    volume = "6",
    number = "6",
    pages = "839--857",
    year = "1996",
}



@Article{Bro78,
  author =       {Mark R. Brown},
  title =        {Implementation and analysis of binomial queue algorithms},
  journal =      {SIAM Journal on Computing},
  year =         1978,
  volume =       7,
  number = 3,
  pages =        {298--319}
}

@InProceedings{Bro95,
  author =       {Gerth St{\o}lting Brodal},
  title =        {Fast meldable priority queues},
  booktitle =    {Proceedings of the 4th International Workshop on Algorithms and Data
Structures},
  pages =        {282--290},
  year =         1995,
  volume =       955,
  series =       {Lecture Notes in Computer Science},
  publisher =    {Springer}
}

@InProceedings{Bro96,
  author =       {Gerth St{\o}lting Brodal},
  title =        {Worst-case efficient priority queues},
  booktitle =    {Proceedings of the 7th ACM-SIAM Symposium on Discrete
 Algorithms},
  pages =        {52--58},
  year =         1996,
  publisher =    {ACM/SIAM}
}

@Article{CCS89,
  author =       {Svante Carlsson and Jingsen Chen and Thomas Strothotte},
  title =        {A note on the construction of data structure ``deap''},
  journal =      {Information Processing Letters},
  year =         1989,
  volume =       31,
  number =       6,
  pages =        {315--317}
}

@Article{CD93,
  author =       {S. C. Chang and M. W. Du},
  title =        {Diamond deque: {A} simple data structure for priority deques},
  journal =      {Information Processing Letters},
  year =         1993,
  volume =       46,
  number =       5,
  pages =        {231--237}
}

@TechReport{CK77,
  author =       {M. Clancy and Donald Knuth},
  title =        {A programming and problem-solving seminar},
  institution =  {Department of Computer Science, Stanford University},
  year =         1977,
  type =         {Technical Report},
  number =       {STAN-CS-77-606},
  note =         {}
}



@InProceedings{CMP88,
  author =       {Svante Carlsson and J. Ian Munro and Patricio V. Poblete},
  title =        {An implicit binomial queue with constant insertion time},
  booktitle =    {Proceedings of the 1st Scandinavian Workshop on Algorithm
Theory},
  pages =        {1--13},
  year =         1988,
  volume =       318,
  series =       {Lecture Notes in Computer Science},
  publisher =    {Springer}
}

@Article{CS00,
  author =       {Kyun-Rak Chong and Sartaj Sahni},
  title =        {Correspondence-based data structures for double-ended priority queues},
  journal =      {The ACM Journal of Experimental Algorithmics},
  year =         2000,
  volume =       5,
  pages =        {article 2}
}

@Article{CS99,
  author =       {Seonghun Cho and Sartaj Sahni},
  title =        {Mergeable double-ended priority queues},
  journal =      {International Journal of Foundations of Computer Science},
  year =         1999,
  volume =       10,
  number =       1,
  pages =        {1--18}
}


@Article{Car87,
  author =       {Svante Carlsson},
  title =        {The deap---A double-ended heap to implement double-ended priority queues},
  journal =      {Information Processing Letters},
  year =         1987,
  volume =       26,
  number =       1,
  pages =        {33--36}
}


@Article{DGST88,
  author =       {James R. Driscoll and Harold N. Gabow and Ruth Shrairman and Robert E. Tarjan},
  title =        {Relaxed heaps: {A}n alternative to {F}ibonacci heaps with applications
to parallel computation},
  journal =      {Communications of the ACM},
  year =         1988,
  volume =       31,
  number =       11,
  pages =        {1343--1354}
}

@Article{DW93,
  author =       {Yuzheng Ding and Mark Allen Weiss},
  title =        {The relaxed min-max heap: {A} mergeable double-ended priority queue},
  journal =      {Acta Informatica},
  year =         1993,
  volume =       30,
  number =       3,
  pages =        {215--231}
}

@TechReport{EJK10c,
  author =       {Amr Elmasry and Claus Jensen and Jyrki Katajainen},
  title =        {Relaxed weak queues and their implementation on a pointer machine},
  institution =  {Department of Computer Science, University of Copenhagen},
  year =         2010,
  type =         {CPH STL Report},
  number =       {2010-4},
  notexxx =         {Available at \url{http://cphstl.dk}}
}


@misc{EJK09,
  author =       {Amr Elmasry and Claus Jensen and Jyrki Katajainen},
  title =        {Relaxed weak queues and their implementation on a pointer machine},
  howpublished = {Submitted for publication},
  year =         2009,
}

@Article{EJK08a,
  key = 	 {Amr Elmasry and Claus Jensen and Jyrki KatajainenY},
  author = 	 {Amr Elmasry and Claus Jensen and Jyrki Katajainen},
  title = 	 {Two-tier relaxed heaps},
  journal = 	 {Acta Informatica},
  year = 	{2008},
  volume = {45},
  number = {3},
  pages = {193--210},
}

@Article{EJK08b,
  author = 	 {Amr Elmasry and Claus Jensen and Jyrki Katajainen},
  title = 	 {Multipartite priority queues},
  journal = 	 {ACM Transactions on Algorithms},
  year = 	{2008},
  volume = 5,
  number = 1,
  pages = {Article 14},
}

@inproceedings{EJK10b,
  author =	 {Amr Elmasry and Claus Jensen and Jyrki Katajainen},
  title =	 {Strictly-regular number system and data structures},
  booktitle = {Proceedings of the 12th Scandinavian Symposium and Workshops on Algorithm Theory},                
  pages = 	 {26--37},
  year = 	 {2010},
  volume = 	 {6139},
  series = 	 {Lecture Notes in Computer Science},
  publisher = {Springer},
  doi = {10.1007/978-3-642-13731-0_4},
}


@Article{Elm10,
  author =       {Amr Elmasry},
  title =        {The violation heap: A relaxed {F}ibonacci-like heap},
  journal =      {Discrete Mathematics, Algorithms and Applications},  
  year =         2010,
  volume =       2,
  number =       4,
  pages =        {1--11}
}



@Article{Elm06,
  author =       {Amr Elmasry},
  title =        {A priority queue with the working-set property},
  journal =      {International Journal of Foundations of Computer Science},
  year =         2006,
  volume =       17,
  number =       6,
  pages =        {1455--1465}
}


@Article{FT87,
  author =       {Michael L. Fredman and Robert E. Tarjan},
  title =        {Fibonacci heaps and their uses in improved network optimization algorithms},
  journal =      {Journal of the ACM},
  year =         1987,
  volume =       34,
  number = 3,
  pages =        {596--615}
}



@TechReport{Fag96,
  author =       {Rolf Fagerberg},
  title =        {A note on worst case efficient meldable priority queues},
  institution =  {Department of Mathematics and Computer Science, Odense University},
  year =         1996,
  type =         {Technical Report},
  number =       {PP-1996-12}
}

@InProceedings{GMPR77,
  author = 	 {Leo J. Guibas and Edward M. McCreight and Michael F. Plass and Janet R. Roberts},
  title = 	 {A new representation for linear lists},
  booktitle = {Proceedings of the 9th Annual ACM Symposium on Theory of Computing},
  pages = 	 {49--60},
  year = 	 1977,
  publisher = {ACM}
}

@Book{GT02,
  author =       {Michael T. Goodrich and Roberto Tamassia},
  title =        {Algorithm Design: Foundations, Analysis, and Internet Examples},
  publisher =    {John Wiley \& Sons, Inc.},
  addressxxx =      {Hoboken},
  year =         2002
}


@InProceedings{HST09,
author =       {B. Haeupler and S. Sen and R.E. Tarjan},
title = 	{Rank-pairing heaps},
booktitle = {Proceedings of the 17th European Symposium on Algorithms}, 
pages = {659--670},
year = 2009,
volume = 5757,
series =       {Lecture Notes in Computer Science},
publisher =    {Springer}
}

@Book{HSR98,
  author =       {E. Horowitz and S. Sahni and S. Rajasekaran},
  title =        {Computer Algorithms},
  publisher =    {Computer Science Press},
  addressxxx =      {New York},
  year =         1998
}

@InProceedings{Hag98,
  author =       {Torben Hagerup},
  title =        {Sorting and searching on the word {RAM}},
  booktitle =    {Proceedings of the 15th Annual Symposium on Theoretical Aspects of Computer Science},
  pages =        {366--398},
  year =         1998,
  volume =       1373,
  series =       {Lecture Notes in Computer Science},
  publisher =    {Springer}
}

@InProceedings{Hoy95,
  author =       {Peter H{\o}yer},
  title =        {A general technique for implemention of efficient priority queues},
  booktitle =    {Proceedings of the 3rd Israel Symposium on the Theory of Computing
Systems},
  pages =        {57--66},
  year =         1995,
  publisher =    {IEEE}
}

@Book{ISO03,
  key =          {British Standards Institute},
  organization = {British Standards Institute},
  title =        {The C++ Standard: Incorporating Technical Corrigendum 1},
  publisher =    {John Wiley and Sons, Ltd.},
  addressxxx =      {West Sussex},
  year =         2003,
  edition =      {2nd}
}

@TechReport{Jen09,
  author =       {Claus Jensen},
  title =        {A note on meldable heaps relying on data-structural bootstrapping},
  institution =  {Department of Computer Science, University of Copenhagen},
  year =         2009,
  type =         {CPH STL Report},
  number =       {2009-2},
  note =         {Available at \url{http://cphstl.dk}}
}

@InProceedings{KL93,
  author =       {C. M. Khoong and H. W. Leong},
  title =        {Double-ended binomial queues},
  booktitle =    {Proceedings of the 4th International Symposium on Algorithms and
Computation},
  pages =        {128--137},
  year =         1993,
  volume =       762,
  series =       {Lecture Notes in Computer Science},
  publisher =    {Springer}
}

@InProceedings{KST02,
  author =       {Haim Kaplan and Nira Shafrir and Robert E. Tarjan},
  title =        {Meldable heaps and {B}oolean union-find},
  booktitle =    {Proceedings of the 34th Annual ACM Symposium on
Theory of Computing},
  pages =        {573--582},
  year =         2002,
  publisher =    {ACM}
}

@Article{KT08,
  author = 	 {Haim Kaplan and Robert Endre Tarjan},
  title = 	 {Thin heaps, thick heaps},
  journal = 	 {ACM Transactions on Algorithms},
  year = 	 2008,
  volume = 	 4,
  number = 	 1,
  pages = 	 {Article 3}}

@InProceedings{KT95,
  author =       {Haim Kaplan and Robert E. Tarjan},
  title =        {Persistent lists with catenation via recursive slow-down},
  booktitle =    {Proceedings of the 27th Annual ACM Symposium on
Theory of Computing},
  pages =        {93--102},
  year =         1995,
  publisher =    {ACM}
}

@InProceedings{KT96,
  author =       {Haim Kaplan and Robert E. Tarjan},
  title =        {Purely functional representations of catenable sorted lists},
  booktitle =    {Proceedings of the 28th Annual ACM Symposium on
Theory of Computing},
  pages =        {202--211},
  year =         1996,
  publisher =    {ACM}
}

@TechReport{KT99,
 author =       {Haim Kaplan and Robert E. Tarjan},
 title =        {New heap data structures},
 type =         {Technical Report},
 number = {TR-597-99},
 institution =  {Department of Computer Science, Princeton University},
 year =         1999,
}

@Article{KV03,
  author =       {Jyrki Katajainen and Fabio Vitale},
  title =        {Navigation piles with applications to sorting, priority queues, and priority deques},
  journal =      {Nordic Journal of Computing},
  year =         2003,
  volume =       10,
  number =       3,
  pages =        {238--262}
}


@Book{Knu73,
  author =       {Donald E. Knuth},
  series =       {The Art of Computer Programming},
  volume =       3,
  title =        {Sorting and Searching},
  publisher =    {Addison Wesley Longman},
  addressxxx =      {Reading},
  year =         1998,
  edition =      {2nd},
}

@Article{LW93,
  author =       {J. van Leeuwen and D. Wood},
  title =        {Interval heaps},
  journal =      {The Computer Journal},
  year =         1993,
  volume =       36,
  number =       3,
  pages =        {209--216}
}

@InProceedings{MP05,
  author =       {Christian W. Mortensen and Seth Pettie},
  title =        {The complexity of implicit and space-efficient priority queues},
  booktitle =    {Proceedings of the 9th Workshop on Algorithms and Data Structures},
  pages =        {49--60},
  year =         2005,
  volume =       3608,
  series =       {Lecture Notes in Computer Science},
  publisher =    {Springer}
}

@Article{MTT03,
  author =       {Christos Makris and Athanasios Tsakalidis and Kostas Tsichlas},
  title =        {Reflected min-max heaps},
  journal =      {Information Processing Letters},
  year =         2003,
  volume =       86,
  number =       4,
  pages =        {209--214}
}

@Article{NCK00,
  author =       {Suman Kumar Nath and Rezaul Alam Chowdhury and M. Kaykobad},
  title =        {Min-max fine heaps},
  year =         2000,
  journal =      {arXiv.org},
  pages =         {article cs.DS/0007043},
  note =         {Available at \url{http://arxiv.org}}
}

@Article{OOW91,
  author =       {Stephan Olariu and C. Michael Overstreet and Zhaofang Wen},
  title =        {A mergeable double-ended priority queue},
  journal =      {The Computer Journal},
  year =         1991,
  volume =       34,
  number =       5,
  pages =        {423--427}
}

@Book{Oka98,
  author = 	 {Chris Okasaki},
  title = 	 {Purely Functional Data Structures},
  publisher = 	 {Cambridge University Press},
  year = 	 1998,
}

@Article{PK85,
  author =       {Martti Penttonen and Jyrki Katajainen},
  title =        {Notes on the complexity of sorting in abstract machines},
  journal =      {BIT},
  year =         1985,
  volume =       25,
  number =       4,
  pages =        {611--622}
}

@TechReport{Pet87,
  author =       {Gary L. Peterson},
  title =        {A balanced tree scheme for meldable heaps with updates},
  type =         {Technical Report},
  number =       {GIT-ICS-87-23},
  institution =  {School of Information and Computer Science, Georgia Institute of
Technology},
  year =         1987,
}

@Article{RCK03,
  author =       {M. Ziaur Rahman and Rezaul Alam Chowdhury and M. Kaykobad},
  title =        {Improvements in double ended priority queues},
  journal =      {International Journal of Computer Mathematics},
  year =         2003,
  volume =       80,
  number =       5,
  pages =        {1121--1129}
}

@Article{SS85, 
  author = 	 {J{\"o}rg -R. Sack and Thomas Strothotte},
  title = 	 {An algorithm for merging heaps},
  journal = 	 {Acta Informatica},
  year = 	 1985,
  volume = 	 22,
  number =       2,
  pages = 	 {171--186},
}

@Article{Tak03, 
  author = 	 {Tadao Takaoka},
  title = 	 {Theory of 2-3 heaps},
  journal = 	 {Discrete Applied Mathematics},
  year = 	 2003,
  volume = 	 126,
}

@inproceedings{LiR05,
  author    = {Zhentao Li and
               Bruce A. Reed},
  title     = {Heap Building Bounds},
  booktitle = {WADS},
  year      = {2005},
  pages     = {14--23}, 
}


@article{GM,
  author = {Gaston H. Gonnet and J. Ian Munro},
  title = {Heaps on heaps},
  journal = {SIAM Journal on Computing},
  number = 15,
  pages = {964--971},
  year = 1986
}

@article{repeatedinsertion,
  author = {R. Hayward and Colin J. H. McDiarmid},
  title = {Average case analysis of heap building by
repeated insertion},
  journal = {Journal of Algorithms}, 
  number = 12,
  volume = 1,
  pages = {126--153}, 
  year = 1991
}

@incollection {CarlssonChen,
   author = {Carlsson, Svante and Chen, Jingsen}, 
   title = {Heap construction: Optimal in both worst and average cases?},
   booktitle = {Algorithms and Computations},
   series = {Lecture Notes in Computer Science}, 
   pages = {254-263},
   volume = {1004}, 
   year = {1995}
}

@MastersThesis{Bru10,
 author =       {Asger Bruun},
 title =        {Tuning af CPH STLs komponentstrukturer for smeltbare prioritetsk{\o}er},
 school =       {Department of Computer Science, University of Copenhagen},
 year =         2010,
 type =         {Master's Thesis}
} 

@Article{Noshita,
  author =      {K. Noshita}, 
  title =       {A theorem on the expected complexity of Dijkstra's shortest path
algorithm}, 
  journal = {Algorithms},
  volume = 3,
  number = 6,
  year = 1985,
  pages = {400--408},
}

                  
@Article{Bro78,
  author =       {Mark R. Brown},
  title =        {Implementation and analysis of binomial queue algorithms},
  journal =      {SIAM Journal on Computing},
  year =         1978,
  volume =       7,
  number = 3,
  pages =        {298--319}
}

@inproceedings{Brodal95,
  author    = {G. S. Brodal},
  title     = {Fast Meldable Priority Queues},
  booktitle = {WADS},
  year      = {1995},
  pages     = {282-290},
  crossref  = {DBLP:conf/wads/1995},
  bibsource = {DBLP, http://dblp.uni-trier.de}
}

@Article{CS98,
  author = 	 {S.~Cho and S.~Sahni},
  title = 	 {Weight-biased leftist trees and modified
skip lists},
  journal = 	 {The ACM Journal of Experimental Algorithms},
  year = 	 1998,
  volume = 	 3,
  number = 	 2,
  pages = 	 {article 2}}

@Misc{Cha09,
  author = 	 {Timothy M. Chan},
  title = 	 {Quake heaps: {A} simple alternative to {F}ibonacci heaps},
  howpublished = {Unpublished manuscript},
  year = 	 2009}

@TechReport{Ede09,
  author = 	 {Stefan Edelkamp},
  title = 	 {Rank-Relaxed Weak Queues: {F}aster than
Pairing and {F}ibonacci Heaps?},
  institution =  {TZI, Universit{\"a}t Bremen},
type = {Technical Report},
  year = 	 2009,
  number = 	 54}

@InProceedings{Elm10,
  author = 	 {Amr Elmasry},
  title = 	 {The Violation Heap: {A} Relaxed {F}ibonacci-Like Heap},
  booktitle = {Proceedings of the 16th International Computing and Combinatorics Conference},
  xxxpages = 	 {},
  year = 	 2010,
  series = 	 {Lecture Notes in Computer Science},
  publisher = {Springer}}

@article{FSST86,
author = "M. L. Fredman and R. Sedgewick and D. D. Sleator and R. E. Tarjan",
title = "The pairing heap: {A} new form of self-adjusting heap",
journal = "Algorithmica",
volume = "1",
number = 1,
year = 1986,
pages = "111--129",
}

@Article{FT87,
  author =       "M. L. Fredman and R. E. Tarjan",
  title =        "Fibonacci Heaps and Their Uses in Improved Network
                 Optimization Algorithm",
  pages =        "596--615",
  journal =      "Journal of the ACM",
  volume =       "34",
  number =       "3",
  year =         "1987",
}

@Article{Fre99,
  author = 	 {Michael L. Fredman},
  title =  {On the efficiency of pairing heaps and related data structures},
  journal = 	 {Journal of the ACM},
  year = 	 1999,
  volume =	 46,
  number =	 4,
  pages =	 {473--501}
}

@InProceedings{HST09,
  author = 	 {Bernhard Haeupler and Siddhartha Sen and Robert E. Tarjan},
  title = 	 {Rank-pairing heaps},
  booktitle = {Proceddings of the 17th Annual European Symposium on Algorithms},
  pages = 	 {659--670},
  year = 	 2009,
  volume = 	 5757,
  series = 	 {Lecture Notes in Computer Science},
  publisher = {Springer}
}

@Book{MN99,
  author =       {K. Mehlhorn and S. N\"aher},
  title =        {The LEDA Platform of Combinatorial and Geometric Computing},
  publisher =    {Cambridge University Press},
  year =         {1999},
}

@InCollection{MS94,
  author = 	 {Moret, B.M.E. and Shapiro, H.D.},
  title = 	 {An empirical assessment of algorithms for constructing a minimum spanning tree},
  booktitle = 	 {DIMACS Monographs},
publisher = {DIMACS},
  pages = 	 {99--117},
  volume = 	 15}
                  
@phdthesis{Par08,
author = {Rodrigo Paredes},
title =  {Graphs for Metric Space Searching},
type = {Ph.{D}.~{T}hesis},
xxxnumber = {Technical report TR/DCC-2008-10},
school = {Department of Computer Science, University of Chile},  
year = 2008
}

@Article{Tak03,
  author = 	 {Tadao Takaoka},
  title = 	 {Theory of 2-3 heaps},
  journal = 	 {Discrete Applied Mathematics},
  year = 	 2003,
  volume = 	 126,
  number = 	 1,
  pages = 	 {115--128}}

@InProceedings{brodal,
author = {G. S. Brodal},
title = {Worst-case efficient priority queues},
booktitle = {Symposium on Discrete Algorithms},
year = 1996, 
pages = {52--58}
}

@Article{dijkstra,
  author =	 "E. W. Dijkstra",
  title =	 "A note on two problems in connexion with graphs.",
  journal =	 "Numerische Mathematik",
  volume =	 "1",
  pages =	 "269--271",
  year =	 "1959"
}

@Article{edelkampstiegeler,
  author =       {S. Edelkamp and P. Stiegeler},
  title =        "Implementing {HEAPSORT} with $n \log n - 0.9n$ and {QUICKSORT} with $n \log n + 0.2 n$ Comparisons",
  journal =      {ACM Journal of Experimental Algorithmics},
  volume = 	 {10},
  number =       {5},
  year =     {2002},
}  

@Article{KT08,
  author = 	 {Haim Kaplan and Robert Endre Tarjan},
  title = 	 {Thin Heaps, Thick Heaps},
  journal = 	 {ACM Transactions on Algorithms},
  year = 	 2008,
  volume = 	 4,
  number = 	 1,
  pages = 	 {Article 3}}

@InProceedings{fatheaps,
author = {H. Kaplan and N. Shafrir and R.E. Tarjan},
title = {Meldable heaps and {Boolean} union-find},
booktitle = {Symposium on Theory of Computing},
year = 2002,
pages = {573--582}
}


@inproceedings{filterkruskal,
  author    = {V. Osipov and
               P. Sanders and
               J. Singler},
  title     = {The {Filter-Kruskal} Minimum Spanning Tree Algorithm},
  booktitle = {ALENEX},
  year      = {2009},
  pages     = {52-61}, 
}
 
    @article{kruskal, 
     title = {On the Shortest Spanning Subtree of a Graph and the Traveling Salesman Problem},
     author = {Kruskal, J. B.},
     journal = {Proceedings of the American Mathematical Society}, 
     volume = {7},
     number = {1}, 
     pages = {48--50}, 
     year = {1956},
    } 


@article{multipartite,
  author = {A. Elmasry and C. Jensen and J. Katajainen},  
 title = {Multipartite priority queues},
 journal = {ACM Trans. Algorithms},
 volume = {5},
 number = {1},
 year = {2008}, 
 pages = {1--19}, 
 }
 

@techreport{newpairing,
author = {B. Haeupler and S. Sen and R. E. Tarjan},
title =  {Heaps Simplified},
institution = {arXiv.org},
number = {0903.0116}, 
year = 2009,
note = {To appear with a different title in ESA-2009},
}


@article{quickheap,
  author =       "D. Cantone and G. Cinotti",
  title =        "Quick{H}eapsort, an efficient mix of classical
sorting algorithms",
  journal =      "Theoretical Computer Science",
  volume =       "285",
  number =       "1", 
  pages =        "25--42",
  year =         2002,
}

@phdthesis{quickheappq,
author = {R. Paredes},
title =  {Graphs for Metric Space Searching},
school = {University of Chile},  
year = 2008
}

@techreport{rasmussen,
  author = {J. Rasmussen}, 
  title =  {Implementing Run-Relaxed Weak Queues}, 
  number = {CPH STL 2008-1},
  institution = {Department of Computing, University of Copenhagen},
  year = 2005, 
}

@article{DGST88,
 author = {J. R. Driscoll and H. N. Gabow and R. Shrairman and R. E. Tarjan},
 title = {Relaxed heaps: {A}n alternative to {Fibonacci} heaps with applications to parallel computation},
 journal = {Communications of the ACM},
 volume = 31,
 number = {11},
 year = 1988, 
 pages = {1343--1354}
 }

@article{SV87,
author = {J. T. Stasko and Jeffrey S. Vitter},
title = {Pairing Heaps: Experiments and Analysis},
journal = {Communications of the ACM},
volume = 30,
number = 3,
pages = {234--249}, 
year =1987
}

@article{twotier,
  author = {A. Elmasry and C. Jensen and J. Katajainen}, 
  title =  {Two-tier relaxed heaps}, 
  journal = {Acta Informatica}, 
  volume    = {45},
  number    = {3},
  year      = {2008},
  pages     = {193-210},
}
@Book{ALSU07,
  author = 	 {Alfred V. Aho and Monica S. Lam and Ravi Sethi and Jeffrey D. Ullman},
  title = 	 {Compilers: Principles, Techniques, \& Tools},
  publisher = 	 {Pearson Education, Inc.},
  year = 	 2007,
  edition = 	 {2nd},
}

@Book{ALSU07,
  author = 	 {Alfred V. Aho and Monica S. Lam and Ravi Sethi and Jeffrey D. Ullman},
  title = 	 {Compilers: Principles, Techniques, \& Tools},
  publisher = 	 {Pearson Education, Inc.},
  year = 	 2007,
  edition = 	 {2nd},
}

@Book{Ale01,
  author = 	 {Andrei Alexandrescu},
  title = 	 {Modern C\texttt{++} Design: Generic Programming and Design
    Patterns Applied},
  publisher = 	 {Addison-Wesley},
  year = 	 2001}

                  

@InProceedings{Bro95,
  author =       {Gerth St{\o}lting Brodal},
  title =        {Fast meldable priority queues},
  booktitle =    PROC # {4th International Workshop on Algorithms and Data
Structures},
  pages =        {282--290},
  year =         1995,
  volume =       955,
  series =       LNCS,
  publisher =    {Springer}
}

@Website{CPHSTL,
   key =  {%Department of Computer Science, 
   University of Copenhagen},
   organization = {Department of Computer Science, University of Copenhagen},
   title = {The {CPH} {STL}},
   year = {2000--2009},
   site = {http://www.cphstl.dk/}
}
                  
@InProceedings{Bro96,
  author =       {Gerth S. Brodal},
  title =        {Worst-case efficient priority queues},
  booktitle =    PROC # {ACM-SIAM Symposium on Discrete
 Algorithms},
  pages =        {52--58},
  year =         1996,
  publisher =    {ACM/SIAM},
}

@InProceedings{Bro96,
  author =       {Gerth S. Brodal},
  title =        {Worst-case efficient priority queues},
  booktitle =    PROC # {7th Annual ACM-SIAM Symposium on Discrete
 Algorithms},
  pages =        {52--58},
  year =         1996,
  publisher =    {ACM/SIAM},
}

@techreport{Bru10,
  author = {Asger Bruun}, 
  title =  {Effektivitetsm{\aa}ling p{\aa} krydsninger af svage og binomiale prioritetsk{\o}er}, 
  type = {CPH STL Report},                
  number = {2010-2},
  institution = {Department of Computer Science, University of Copenhagen},
  year = 2010, 
}
                  
@Book{CLRS01,
  author = {Thomas H. Cormen and Charles E. Leiserson and Ronald L. Rivest and Clifford Stein},
  title = 	 {Introduction to Algorithms},
  publisher = 	 {The MIT Press},
  year = 	 2001,
  edition =	 {2nd},
  xxxaddress = {Cambridge},
}

@Book{CLRS09,
  author = {Thomas H. Cormen and Charles E. Leiserson and Ronald L. Rivest and Clifford Stein},
  title = 	 {Introduction to Algorithms},
  publisher = 	 {The MIT Press},
  year = 	 2009,
  edition =	 {3th},
}

@Article{Car87,
  author = 	 {Svante Carlsson},
  title = 	 {A variant of {H}eapsort with almost optimal number of comparisons},
  journal = 	 IPL,
  year = 	 1987,
  volume = 	 24,
  number = 4,
  pages = 	 {247--250}
}

@Misc{Cha09,
  author = 	 {Timothy M. Chan},
  title = 	 {Quake heaps: {A} simple alternative to {F}ibonacci heaps},
  howpublished = {Unpublished manuscript},
  year = 	 2009} 

@Misc{Cha09,
  author = 	 {Timothy M. Chan},
  title = 	 {Quake heaps: {A} simple alternative to {F}ibonacci heaps},
  howpublished = {Unpublished manuscript},
  year = 	 2009} 


 
@Article{DGST88,
  author = 	 {James R. Driscoll and Harold N. Gabow and Ruth Shrairman and Robert E. Tarjan},
  title = 	 {Relaxed heaps: {A}n alternative to {F}ibonacci heaps with applications
to parallel computation},
  journal = 	 CACM,
  year = 	 1988,
  volume =	 31,
  number =	 11,
  pages =	 {1343--1354}
}

@Article{Dij59,
  author =	 "Edsger W. Dijkstra",
  title =	 "A note on two problems in connexion with graphs",
  journal =	 "Numerische Mathematik",
  volume =	 "1",
  number = 1,
  pages =	 "269--271",
  year =	 "1959"
}

@Article{EJK08a,
  author = 	 {Amr Elmasry and Claus Jensen and Jyrki Katajainen},
  title = 	 {Two-tier relaxed heaps},
  journal = 	 {Acta Informatica},
  year = 	 {2008},
  volume = {45},
  number = {3},
  pages = {193--210},
}  

@Article{EJK08a,
  author = 	 {Amr Elmasry and Claus Jensen and Jyrki Katajainen},
  title = 	 {Two-tier relaxed heaps},
  journal = 	 {Acta Informatica},
  year = 	 {2008},
  volume = {45},
  number = {3},
  pages = {193--210},
}

@Article{EJK08c,
  author = 	 {Amr Elmasry and Claus Jensen and Jyrki Katajainen},
  title = 	 {Multipartite priority queues},
  journal = 	 TALG,
  year = 	 {2008},
  volume = 5,
  number = 1,
  pages = {Article 14},
}

@Article{EJK08c,
  author = 	 {Amr Elmasry and Claus Jensen and Jyrki Katajainen},
  title = 	 {Multipartite priority queues},
  journal = 	 {ACM Transactions on Algorithms},
  year = 	 {2008},
  volume = 5,
  number = 1,
  pages = {Article 14},
}
 
@Article{ES02,
  author = 	 {Stefan Edelkamp and Patrick Stiegeler},
  title = 	 {Implementing {H}EAPSORT with $n \log n - 0.9 n$ and {Q}UICKSORT with 
$n \log n + 0.2 n$ Comparisons},
  journal = {Journal of Experimental Algorithmics},
   volume = 7,
   pages = {Article 5},
   year =     2002, 
}

@TechReport{Ede09,
  author = 	 {Stefan Edelkamp},
  title = 	 {Rank-Relaxed Weak Queues: {F}aster than
Pairing and {F}ibonacci Heaps?},
  institution =  {TZI, Universit{\"a}t Bremen},
type = {Technical Report},
  year = 	 2009,
  number = 	 54}

@mastersthesis{EdelkampThesis,
author = {Stefan Edelkamp},
title =  {Weak-Heapsort},
school = {Department of Computer Science, Technical University of Dortmund},  
year = 1996
}

@TECHREPORT{Elm08,
AUTHOR = {Amr Elmasry}, 
TITLE = {Violation heaps: {A} better substitute for {F}ibonacci heaps},
YEAR = {2008},
TYPE = {E-print},
number = {0812.2851v1},
INSTITUTION = {arXiv.org}, 
}

@Article{FSST86,
  author =       {Michael L. Fredman and Robert Sedgewick and Daniel D. Sleator and Robert E. Tarjan},
  title =        {The pairing heap: {A} new form of self-adjusting heap},
  journal =      {Algorithmica},
  year =         1986,
  volume =       1,
  number = 1,
  pages =        {111--129}
}

@Article{FT87,
  author =       {Michael L. Fredman and Robert E. Tarjan},
  title =        {Fibonacci heaps and their uses in improved network optimization algorithms},
  journal =      {Journal of the ACM},
  year =         1987,
  volume =       34,
  number = 3,
  pages =        {596--615}
}

@InProceedings{HST09,
  author = 	 {Bernhard Haeupler and Siddhartha Sen and Robert E. Tarjan},
  title = 	 {Rank-pairing heaps},
  booktitle = {Proceddings of the 17th Annual European Symposium on Algorithms},
  pages = 	 {659--670},
  year = 	 2009,
  volume = 	 5757,
  series = 	 LNCS,
  publisher = {Springer}
}

@Misc{Jen09,
  author = 	 {Claus Jensen},
  howpublished = {Private communication},
  year = 	 2009}

@InProceedings{KM01,
  author = 	 {Jyrki Katajainen and Bjarke Buur Mortensen},
  title = {Experiences with the design and implementation of space-efficient deques},
  booktitle = 	 {International Workshop on Algorithm Engineering},
  pages =	 {39--50},
  year =	 2001, 
}
                  
@InProceedings{KST02,
  author = 	 {Haim Kaplan and Nira Shafrir and Robert E. Tarjan},
  title = 	 {Meldable heaps and {B}oolean union-find},
  booktitle = 	 PROC # {34th Annual ACM Symposium on
Theory of Computing},
  pages =	 {573--582},
  year =	 2002,
  publisher =	 {ACM},
  xxxaddress = {New York},
}

@TechReport{Kat05,
  author = 	 {Jyrki Katajainen},
  title = 	{Project proposal: {A} meldable, iterator-valid priority queue},
  institution =  {Department of Computer Science, University of Copenhagen},
  year = 	 2005,
  type = 	 {CPH STL Report},
  number = 	 {2005-1}
}

@TechReport{Kat09,
  author = 	 {Jyrki Katajainen},
  title = 	{Priority-queue frameworks: {P}rograms},
  institution =  {Department of Computer Science, University of Copenhagen},
  year = 	 2009,
  type = 	 {CPH STL Report},
  number = 	 {2009-7}
}
                  
@Book{Knu68,
  author =       {Donald E. Knuth},
  series =       {The Art of Computer Programming},
  volume =       1,
  title =        {Fundamental Algorithms (3rd edn)},
  publisher =    {Addison Wesley Longman},
  xxxaddress =      {Reading},
  year =         1997,
}

@Website{CPHSTL,
   key =  {Department of Computer Science, University of Copenhagen},
   organization = {Department of Computer Science, University of Copenhagen},
   title = {The {CPH} {STL}},
   year = {2000--2010},
   site = {http://cphstl.dk/}
}
                  


@article{Kru56, 
     title = {On the Shortest Spanning Subtree of a Graph and the Traveling Salesman Problem},
     author = {Joseph B. Kruskal},
     journal = PROC # {American Mathematical Society}, 
     volume = {7},
     number = {1}, 
     pages = {48--50}, 
     year = {1956},
}
                  
@Book{MN99,
  author =       {K. Mehlhorn and S. N\"aher},
  title =        {The LEDA Platform of Combinatorial and Geometric Computing},
  publisher =    {Cambridge University Press},
  year =         {1999},
}

@Book{MS08,
  author = 	 {Kurt Mehlhorn and Peter Sanders},
  title = 	 {Algorithms and Data Structures: The Basic Toolbox},
  publisher = 	 {Springer},
  year = 	 2008}


@inproceedings{OSS09,
  author    = {Vitaly Osipov and Peter Sanders and Johannes Singler},
  title     = {The {F}ilter-{K}ruskal Minimum Spanning Tree Algorithm},
  booktitle = PROC # {Workshop on Algorithm Engineering and Experiments},
  year      = {2009},
  pages     = {52--61},
publisher = {SIAM}, 
}

@phdthesis{Par08,
author = {Rodrigo Paredes},
type = {Ph.D.~Thesis},
title =  {Graphs for Metric Space Searching},
xxxnumber = {Technical Report TR/DCC-2008-10},
school = {Department of Computer Science, University of Chile},  
year = 2008
}

@techreport{Ras08,
  author = {Jens Rasmussen}, 
  title =  {Implementing run-relaxed weak queues}, 
  type = {CPH STL Report},
  number = {2008-1},
  institution = {Department of Computer Science, University of Copenhagen},
  year = 2008, 
}

@inproceedings{Resizable,
  author    = {Andrej Brodnik and
               Svante Carlsson and
               Erik D. Demaine and
               J. Ian Munro and
               Robert Sedgewick},
  title     = {Resizable Arrays in Optimal Time and Space},
  booktitle = {WADS},
  year      = {1999},
  pages     = {37-48}, 
}

@Article{SS90,
  author = 	 {J{\"o}rg-R{\"u}diger Sack and Thomas Strothotte},
  title = 	 {A characterization of heaps and its applications.},
  journal = 	 {Information and Computation},
  year = 	 1990,
  volume = 	 86,
  number = 	 1,
  pages = 	 {69--86}}

@article{SV87,
author = {John T. Stasko and Jeffrey Scott Vitter},
title = {Pairing heaps: {E}xperiments and analysis},
journal = CACM,
volume = 30,
number = 3,
pages = {234--249}, 
year =1987
}

@InProceedings{ThreeSorting,
  author    = {Amr Elmasry},
  title     = {Three Sorting Algorithms Using Priority Queues},
  booktitle = PROC # {14th International Symposium on Algorithms and Computation}, 
  publisher = {Springer},
  series    = LNCS,
  volume    = {2906},
  year      = {2003},
  pages     = {209-220},
}

@Article{dijkstra,
  author =	 "E. W. Dijkstra",
  title =	 "A note on two problems in connexion with graphs.",
  journal =	 "Numerische Mathematik",
  volume =	 "1",
  pages =	 "269--271",
  year =	 "1959"
}

@inproceedings{filterkruskal,
  author    = {V. Osipov and
               P. Sanders and
               J. Singler},
  title     = {The {Filter-Kruskal} Minimum Spanning Tree Algorithm},
  booktitle = {ALENEX},
  year      = {2009},
  pages     = {52-61}, 
}

    @article{kruskal, 
     title = {On the Shortest Spanning Subtree of a Graph and the Traveling Salesman Problem},
     author = {Kruskal, J. B.},
     journal = PROC # {American Mathematical Society}, 
     volume = {7},
     number = {1}, 
     pages = {48--50}, 
     year = {1956},
    }


@article{multipartite,
  author = {A. Elmasry and C. Jensen and J. Katajainen},  
 title = {Multipartite priority queues},
 journal = TALG,
 volume = {5},
 number = {1},
 year = {2008}, 
 pages = {1--19}, 
 }
 
@techreport{newpairing,
author = {B. Haeupler and S. Sen and R. E. Tarjan},
title =  {Heaps Simplified},
institution = {arXiv.org},
number = {0903.0116}, 
year = 2009,
note = {To appear with a different title in ESA-2009},
} 

@article{quickheap,
  author =       "D. Cantone and G. Cinotti",
  title =        "Quick{H}eapsort, an efficient mix of classical
sorting algorithms",
  journal =      TCS,
  volume =       "285",
  number =       "1", 
  pages =        "25--42",
  year =         2002,
}

@phdthesis{quickheappq,
author = {R. Paredes},
title =  {Graphs for Metric Space Searching},
school = {University of Chile},  
year = 2008
}

@techreport{rasmussen,
  author = {J. Rasmussen}, 
  title =  {Implementing Run-Relaxed Weak Queues}, 
  number = {CPH STL 2008-1},
  institution = {Department of Computer Science, University of Copenhagen},
  year = 2005, 
}

@techreport{runrelaxedweakqueues,
  author = {A. Elmasry and C. Jensen and J. Katajainen}, 
  title =  {Relaxed weak queues: {A}n alternative to run-relaxed heaps}, 
  number = {CPH STL 2005-2},
  institution = {Department of Computer Science, University of Copenhagen},
  year = 2005, 
}

@article{twotier,
  author = {A. Elmasry and C. Jensen and J. Katajainen}, 
  title =  {Two-tier relaxed heaps}, 
  journal = {Acta Informatica}, 
  volume    = {45},
  number    = {3},
  year      = {2008},
  pages     = {193-210},
}

@TECHREPORT{violation,
AUTHOR = {Elmasry, A.}, 
TITLE = {Violation Heaps: A Better Substitute for {Fibonacci} Heaps},
YEAR = {2008},
TYPE = {Research Report},
INSTITUTION = {CoRR}, 
}

@inproceedings{Katajainen98,
  author    = {Jyrki Katajainen},
  title     = {The {U}ltimate {H}eapsort},
  booktitle = {CATS},
  year      = {1998},
  pages     = {87-96},
}



@inproceedings{EWCSR,
  author    = {Stefan Edelkamp and
               Armin Wei{\ss}},
  title     = {{Quick{X}sort}: Efficient Sorting with n logn - 1.399n + o(n) Comparisons
               on Average},
  booktitle = {{CSR}},
  pages     = {139--152},
  year      = {2014},
}

@article{DiekertW12QuickArxiv,
  author    = {Volker Diekert and
               Armin Weiss},
  title     = {{QuickHeapsort:} Modifications and improved analysis},
  journal = {ArXiv e-prints},
  volume    = {abs/1209.4214},
  year      = {2012},
  Url =     {http://arxiv.org/abs/1209.4214},
  bibsource = {DBLP, http://dblp.uni-trier.de}
}


@article{FordJ59,
  title = {A Tournament Problem},
  author = {Ford, Lester R., Jr. and Johnson, Selmer M.},
  journal = {The American Mathematical Monthly},
  jstor_issuetitle = {},
  volume = {66},
  number = {5},
  jstor_formatteddate = {May, 1959},
  pages = {pp. 387-389},
  url = {http://www.jstor.org/stable/2308750},
  ISSN = {00029890},
  abstract = {},
  language = {English},
  year = {1959},
  publisher = {Mathematical Association of America},
  copyright = {Copyright © 1959 Mathematical Association of America},
}

@inproceedings{DiekertW13Quick,
  author    = {Volker Diekert and
               Armin Wei{\ss}},
  title     = {QuickHeapsort: Modifications and Improved Analysis},
  booktitle = {CSR},
  year      = {2013},
  pages     = {24-35},
}


@article{MartinezR01,
  author    = {Conrado Mart\'{\i}nez and
               Salvador Roura},
  title     = {Optimal {S}ampling {S}trategies in {Quicksort} and {Quickselect}},
  journal   = {SIAM J. Comput.},
  volume    = {31},
  number    = {3},
  year      = {2001},
  pages     = {683-705},
  ee        = {http://dx.doi.org/10.1137/S0097539700382108},
  bibsource = {DBLP, http://dblp.uni-trier.de}
}


@article{BlumFPRT73,
 author = {Blum, Manuel and Floyd, Robert W. and Pratt, Vaughan and Rivest, Ronald L. and Tarjan, Robert E.},
 title = {Time bounds for selection},
 journal = {J. Comput. Syst. Sci.},
 volume = {7},
 number = {4},
 year = {1973},
 issn = {0022-0000},
 pages = {448--461},
 numpages = {14},
 url = {http://dx.doi.org/10.1016/S0022-0000(73)80033-9},
 doi = {10.1016/S0022-0000(73)80033-9},
 acmid = {1740109},
 publisher = {Academic Press, Inc.},
 address = {Orlando, FL, USA},
} 

@article{Hoare61_find,
 author = {Hoare, C. A. R.},
 title = {Algorithm 65: Find},
 journal = {Commun. ACM},
 issue_date = {July 1961},
 volume = {4},
 number = {7},
 month = jul,
 year = {1961},
 issn = {0001-0782},
 pages = {321--322},
 numpages = {2},
 url = {http://doi.acm.org/10.1145/366622.366647},
 doi = {10.1145/366622.366647},
 acmid = {366647},
 publisher = {ACM},
 address = {New York, NY, USA},
} 


@article{Kurosawa16,
  author    = {Noriyuki Kurosawa},
  title     = {Quicksort with median of medians is considered practical},
  journal   = {CoRR},
  volume    = {abs/1608.04852},
  year      = {2016},
  url       = {http://arxiv.org/abs/1608.04852},
  archivePrefix = {arXiv},
  eprint    = {1608.04852},
  timestamp = {Wed, 07 Jun 2017 14:40:23 +0200},
  biburl    = {https://dblp.org/rec/bib/journals/corr/Kurosawa16},
  bibsource = {dblp computer science bibliography, https://dblp.org}
}




@inproceedings{Alexandrescu17,
  author    = {Andrei Alexandrescu},
  title     = {Fast Deterministic Selection},
  booktitle = {16th International Symposium on Experimental Algorithms, {SEA} 2017,
               June 21-23, 2017, London, {UK}},
  pages     = {24:1--24:19},
  year      = {2017},
  crossref  = {wea2017},
  url       = {https://doi.org/10.4230/LIPIcs.SEA.2017.24},
  doi       = {10.4230/LIPIcs.SEA.2017.24},
  timestamp = {Mon, 14 Aug 2017 12:20:31 +0200},
  biburl    = {https://dblp.org/rec/bib/conf/wea/Alexandrescu17},
  bibsource = {dblp computer science bibliography, https://dblp.org}
}

@proceedings{wea2017,
  editor    = {Costas S. Iliopoulos and
               Solon P. Pissis and
               Simon J. Puglisi and
               Rajeev Raman},
  title     = {16th International Symposium on Experimental Algorithms, {SEA} 2017,
               June 21-23, 2017, London, {UK}},
  series    = {LIPIcs},
  volume    = {75},
  publisher = {Schloss Dagstuhl - Leibniz-Zentrum fuer Informatik},
  year      = {2017},
  url       = {http://www.dagstuhl.de/dagpub/978-3-95977-036-1},
  isbn      = {978-3-95977-036-1},
  timestamp = {Thu, 10 Aug 2017 17:05:21 +0200},
  biburl    = {https://dblp.org/rec/bib/conf/wea/2017},
  bibsource = {dblp computer science bibliography, https://dblp.org}
}



@inproceedings{EdelkampW14,
T3_DB     = "ADD",
  author    = {Stefan Edelkamp and
               Armin Wei{\ss}},
  title     = {Quick{X}sort: {E}fficient {S}orting with $n \log n - 1.399n + o(n)$ {C}omparisons on {A}verage},
  booktitle = {CSR},
  year      = {2014},
  pages     = {139-152},
  ee        = {http://dx.doi.org/10.1007/978-3-319-06686-8_11},
  doi        = {10.1007/978-3-319-06686-8_11},
  crossref  = {csr2014},
}

@proceedings{csr2014,
  editor    = {Edward A. Hirsch and
               Sergei O. Kuznetsov and
               Jean-{\'E}ric Pin and
               Nikolay K. Vereshchagin},
  title     = {Computer Science - Theory and Applications - 9th International
               Computer Science Symposium in Russia, CSR 2014, Moscow,
               Russia, June 7-11, 2014. Proceedings},
  booktitle = {CSR},
  publisher = {Springer},
  series    = {Lecture Notes in Computer Science},
  volume    = {8476},
  year      = {2014},
  isbn      = {978-3-319-06685-1},
  ee        = {http://dx.doi.org/10.1007/978-3-319-06686-8},
}


@article{Kao97,
  author    = {Ming{-}Yang Kao},
  title     = {Multiple-size divide-and-conquer recurrences},
  journal   = {{SIGACT} News},
  volume    = {28},
  number    = {2},
  pages     = {67--69},
  year      = {1997},
  url       = {http://doi.acm.org/10.1145/261342.261350},
  doi       = {10.1145/261342.261350},
  timestamp = {Mon, 25 Jan 2010 13:31:29 +0100},
  biburl    = {https://dblp.org/rec/bib/journals/sigact/Kao97},
  bibsource = {dblp computer science bibliography, https://dblp.org}
}

@article{MartinezPV10,
  author    = {Conrado Mart{\'{\i}}nez and
               Daniel Panario and
               Alfredo Viola},
  title     = {Adaptive sampling strategies for Qickselects},
  journal   = {{ACM} Trans. Algorithms},
  volume    = {6},
  number    = {3},
  pages     = {53:1--53:45},
  year      = {2010},
  url       = {http://doi.acm.org/10.1145/1798596.1798606},
  doi       = {10.1145/1798596.1798606},
  timestamp = {Fri, 06 Jan 2017 12:04:31 +0100},
  biburl    = {http://dblp.uni-trier.de/rec/bib/journals/talg/MartinezPV10},
  bibsource = {dblp computer science bibliography, http://dblp.org}
}


@inproceedings{MartinezPV04,
  author    = {Conrado Martinez and
               Daniel Panario and
               Alfredo Viola},
  title     = {Adaptive sampling for quickselect},
  booktitle = {Proceedings of the Fifteenth Annual {ACM-SIAM} Symposium on Discrete
               Algorithms, {SODA} 2004, New Orleans, Louisiana, USA, January 11-14,
               2004},
  pages     = {447--455},
  year      = {2004},
  url       = {http://dl.acm.org/citation.cfm?id=982792.982856},
  timestamp = {Fri, 07 Dec 2012 17:02:09 +0100},
  biburl    = {http://dblp.uni-trier.de/rec/bib/conf/soda/MartinezPV04},
  bibsource = {dblp computer science bibliography, http://dblp.org}
}



@inproceedings{ChenD15,
  author    = {Ke Chen and
               Adrian Dumitrescu},
  title     = {Select with Groups of 3 or 4},
  booktitle = {Algorithms and Data Structures - 14th International Symposium, {WADS}
               2015, Victoria, BC, Canada, August 5-7, 2015. Proceedings},
  pages     = {189--199},
  year      = {2015},
  crossref  = {wads2015},
  url       = {https://doi.org/10.1007/978-3-319-21840-3_16},
  doi       = {10.1007/978-3-319-21840-3_16},
  timestamp = {Sat, 20 Jan 2018 16:09:38 +0100},
  biburl    = {https://dblp.org/rec/bib/conf/wads/ChenD15},
  bibsource = {dblp computer science bibliography, https://dblp.org}
}

@proceedings{wads2015,
  editor    = {Frank Dehne and
               J{\"{o}}rg{-}R{\"{u}}diger Sack and
               Ulrike Stege},
  title     = {Algorithms and Data Structures - 14th International Symposium, {WADS}
               2015, Victoria, BC, Canada, August 5-7, 2015. Proceedings},
  series    = {Lecture Notes in Computer Science},
  volume    = {9214},
  publisher = {Springer},
  year      = {2015},
  url       = {https://doi.org/10.1007/978-3-319-21840-3},
  doi       = {10.1007/978-3-319-21840-3},
  isbn      = {978-3-319-21839-7},
  timestamp = {Sun, 21 May 2017 00:16:58 +0200},
  biburl    = {https://dblp.org/rec/bib/conf/wads/2015},
  bibsource = {dblp computer science bibliography, https://dblp.org}
}



@inproceedings{Wild18,
  author    = {Sebastian Wild},
  title     = {Average Cost of {Q}uick{X}sort with Pivot Sampling},
  booktitle = {29th International Conference on Probabilistic, Combinatorial and
               Asymptotic Methods for the Analysis of Algorithms, AofA 2018, June
               25-29, 2018, Uppsala, Sweden},
  pages     = {36:1--36:19},
  year      = {2018},
  crossref  = {aofa2018},
  url       = {https://doi.org/10.4230/LIPIcs.AofA.2018.36},
  doi       = {10.4230/LIPIcs.AofA.2018.36},
  timestamp = {Mon, 18 Jun 2018 22:39:58 +0200},
  biburl    = {https://dblp.org/rec/bib/conf/aofa/Wild18},
  bibsource = {dblp computer science bibliography, https://dblp.org}
}

@proceedings{aofa2018,
  editor    = {James Allen Fill and
               Mark Daniel Ward},
  title     = {29th International Conference on Probabilistic, Combinatorial and
               Asymptotic Methods for the Analysis of Algorithms, AofA 2018, June
               25-29, 2018, Uppsala, Sweden},
  series    = {LIPIcs},
  volume    = {110},
  publisher = {Schloss Dagstuhl - Leibniz-Zentrum fuer Informatik},
  year      = {2018},
  url       = {http://www.dagstuhl.de/dagpub/978-3-95977-078-1},
  isbn      = {978-3-95977-078-1},
  timestamp = {Mon, 18 Jun 2018 17:45:32 +0200},
  biburl    = {https://dblp.org/rec/bib/conf/aofa/2018},
  bibsource = {dblp computer science bibliography, https://dblp.org}
}

@article{HuangL92,
  author    = {Bing{-}Chao Huang and
               Michael A. Langston},
  title     = {Fast Stable Merging and Sorting in Constant Extra Space},
  journal   = {Comput. J.},
  volume    = {35},
  number    = {6},
  pages     = {643--650},
  year      = {1992},
  url       = {https://doi.org/10.1093/comjnl/35.6.643},
  doi       = {10.1093/comjnl/35.6.643},
  timestamp = {Sat, 20 May 2017 00:22:26 +0200},
  biburl    = {https://dblp.org/rec/bib/journals/cj/HuangL92},
  bibsource = {dblp computer science bibliography, https://dblp.org}
}

@article{Chen06,
  author    = {Jing{-}Chao Chen},
  title     = {A simple algorithm for in-place merging},
  journal   = {Inf. Process. Lett.},
  volume    = {98},
  number    = {1},
  pages     = {34--40},
  year      = {2006},
  url       = {https://doi.org/10.1016/j.ipl.2005.11.018},
  doi       = {10.1016/j.ipl.2005.11.018},
  timestamp = {Fri, 26 May 2017 22:54:43 +0200},
  biburl    = {https://dblp.org/rec/bib/journals/ipl/Chen06},
  bibsource = {dblp computer science bibliography, https://dblp.org}
}

@article{CantoneC02,
  author    = {Domenico Cantone and
               Gianluca Cincotti},
  title     = {QuickHeapsort, an efficient mix of classical sorting algorithms},
  journal   = {Theor. Comput. Sci.},
  volume    = {285},
  number    = {1},
  year      = {2002},
  pages     = {25-42},
  ee        = {http://dx.doi.org/10.1016/S0304-3975(01)00288-2},
  bibsource = {DBLP, http://dblp.uni-trier.de}
}

@article{GeffertKP00,
  author    = {Viliam Geffert and
               Jyrki Katajainen and
               Tomi Pasanen},
  title     = {Asymptotically efficient in-place merging},
  journal   = {Theor. Comput. Sci.},
  volume    = {237},
  number    = {1-2},
  pages     = {159--181},
  year      = {2000},
  url       = {https://doi.org/10.1016/S0304-3975(98)00162-5},
  doi       = {10.1016/S0304-3975(98)00162-5},
  timestamp = {Sun, 28 May 2017 13:20:03 +0200},
  biburl    = {https://dblp.org/rec/bib/journals/tcs/GeffertKP00},
  bibsource = {dblp computer science bibliography, https://dblp.org}
}

@article{KatajainenPT96,
  author    = {Jyrki Katajainen and
               Tomi Pasanen and
               Jukka Teuhola},
  title     = {Practical In-Place Mergesort},
  journal   = {Nord. J. Comput.},
  volume    = {3},
  number    = {1},
  pages     = {27--40},
  year      = {1996}
}

@inproceedings{KimK08,
  author    = {Pok{-}Son Kim and
               Arne Kutzner},
  title     = {Ratio Based Stable In-Place Merging},
  booktitle = {Theory and Applications of Models of Computation, 5th International
               Conference, {TAMC} 2008, Xi'an, China, April 25-29, 2008. Proceedings},
  pages     = {246--257},
  year      = {2008},
  crossref  = {tamc2008},
  url       = {https://doi.org/10.1007/978-3-540-79228-4_22},
  doi       = {10.1007/978-3-540-79228-4_22},
  timestamp = {Sun, 21 May 2017 00:19:54 +0200},
  biburl    = {https://dblp.org/rec/bib/conf/tamc/KimK08},
  bibsource = {dblp computer science bibliography, https://dblp.org}
}

@proceedings{tamc2008,
  editor    = {Manindra Agrawal and
               Ding{-}Zhu Du and
               Zhenhua Duan and
               Angsheng Li},
  title     = {Theory and Applications of Models of Computation, 5th International
               Conference, {TAMC} 2008, Xi'an, China, April 25-29, 2008. Proceedings},
  series    = {Lecture Notes in Computer Science},
  volume    = {4978},
  publisher = {Springer},
  year      = {2008},
  url       = {https://doi.org/10.1007/978-3-540-79228-4},
  doi       = {10.1007/978-3-540-79228-4},
  isbn      = {978-3-540-79227-7},
  timestamp = {Sun, 21 May 2017 00:19:54 +0200},
  biburl    = {https://dblp.org/rec/bib/conf/tamc/2008},
  bibsource = {dblp computer science bibliography, https://dblp.org}
}

@article{EdelkampW18QMSArxiv,
  author    = {Stefan Edelkamp and
               Armin Wei{\ss}},
  title     = {QuickMergesort: Practically Efficient Constant-Factor Optimal Sorting},
  journal   = {CoRR},
  volume    = {abs/1804.10062},
  year      = {2018},
  url       = {http://arxiv.org/abs/1804.10062},
  archivePrefix = {arXiv},
  eprint    = {1804.10062},
  timestamp = {Wed, 02 May 2018 15:55:01 +0200},
  biburl    = {https://dblp.org/rec/bib/journals/corr/abs-1804-10062},
  bibsource = {dblp computer science bibliography, https://dblp.org}
}

@misc{grailsort,
  author =       {Andrey Astrelin},
  title =        {GrailSort},
  url = {https://github.com/Mrrl/GrailSort},
  note = {Github repository at \url{https://github.com/Mrrl/GrailSort}}
}

@misc{wikisort,
  author =       {Mike Mc{F}adden},
  title =        {{WikiSort}},
  url = {https://github.com/BonzaiThePenguin/WikiSort},
  note = {Github repository at \url{https://github.com/BonzaiThePenguin/WikiSort}}
}

@misc{pdqsort,
  author =       {Orson Peters},
  title =        {pdqsort},
  url = {https://github.com/orlp/pdqsort},
  note = {Github repository at \url{https://github.com/orlp/pdqsort}}
}

@misc{wolframalpha,
  author = {Wolfram Research{,} Inc.},
  title = {Wolfram$|${A}lpha},
  note = {Champaign, IL, 2018}
}

@misc{weisstein,
    author   = {Weisstein, Eric W.},
    title    = {Merge Sort. {From MathWorld---A Wolfram Web Resource}},
    url      = {\url{http://mathworld.wolfram.com/MergeSort.html}},
    note     = {Url: \url{http://mathworld.wolfram.com/MergeSort.html}Last visited on 07/25/2018},
}


@MISC {mathoverflowP18,
    TITLE = {Computing minimum / maximum of strange two variable function (answer)},
    AUTHOR = {Iosif Pinelis},
    HOWPUBLISHED = {MathOverflow},
	Date = {2018-07-25},
    NOTE = {URL: \url{https://mathoverflow.net/q/306757} (visited on: 2018-07-25)},
    EPRINT = {https://mathoverflow.net/q/306757},
    URL = {https://mathoverflow.net/q/306757}
}


@article{EdelkampW13QuickArxiv,
  author    = {Stefan Edelkamp and
               Armin Wei{\ss}},
  title     = {{Quick{X}sort}: {E}fficient {S}orting with $n \log n - 1.399n + o(n)$ {C}omparisons on {A}verage},
  journal = {ArXiv e-prints},
  volume    = {abs/1307.3033},
  year      = {2013},
  Url =     {http://arxiv.org/abs/1307.3033},
}